@BOOK{cyk,
	author = "Aho and Ullmann",
	title= "The theory of parsing, translation, and compiling",
	publisher = "Prentice-Hall, Inc.",
	year = 1972
}

@MISC{slides2,
	author = "Gideon Maillette de Buy Wenniger",
	note = "Slides explanation of PCFGs and CYK used in Lab",
	year = 2012
}

@MISC{slides3,
	author = "Gideon Maillette de Buy Wenniger",
	note = "Slides explanation of Step 3: Computing most likely tree",
	year = 2012
}

@MISC{ss,
	author = "Christopher Manning",
	note = "Slides explaining the CYK algorithm",
	howpublished = "\url{http://nlp.stanford.edu/courses/lsa354/SLoSP-2007-2.pdf}",	
	year = 2007
}

@MISC{evalc,
	author = "Federico Sangati",
	note = "EvalC - Graphical tool for constituency parsing evaluation",
	howpublished = "\url{http://homepages.inf.ed.ac.uk/fsangati/}",
	year = 2010
}